<?xml version="1.0" encoding="UTF-8" ?>
<collection xmlns:xsi="http://www.w3.org/2001/XMLSchema-instance"
    xsi:schemaLocation="http://www.loc.gov/MARC21/slim
        http://www.loc.gov/standards/marcxml/schema/MARC21slim.xsd"
    xmlns="http://www.loc.gov/MARC21/slim">
<record>
  <leader>00307cam a2200613 i 4500</leader>
  <controlfield tag="001">b12757147</controlfield>
  <controlfield tag="003">LeBAU</controlfield>
  <controlfield tag="005">20171115</controlfield>
  <controlfield tag="008">971104s1950    ua abh   b    ||0 0 ara d</controlfield>
  <datafield tag="035" ind1=" " ind2=" ">
    <subfield code="a">ocn784504265</subfield>
  </datafield>
  <datafield tag="040" ind1=" " ind2=" ">
    <subfield code="a">LEAUB</subfield>
    <subfield code="b">ara</subfield>
    <subfield code="e">rda</subfield>
    <subfield code="c">LEAUB</subfield>
    <subfield code="d">LEAUB</subfield>
  </datafield>
  <datafield tag="082" ind1="0" ind2="4">
    <subfield code="a">626.8</subfield>
    <subfield code="2">20</subfield>
  </datafield>
  <datafield tag="100" ind1="1" ind2=" ">
    <subfield code="6">880-01</subfield>
    <subfield code="a">Shāfiʻī, ʻAlī,</subfield>
    <subfield code="e">author.</subfield>
  </datafield>
  <datafield tag="245" ind1="1" ind2="0">
    <subfield code="6">880-02</subfield>
    <subfield code="a">Aʻmāl al-manāfiʻ al-ʻāmmah al-kubrá fī ʻahd Muḥammad ʻAlī al-Kabīr /</subfield>
    <subfield code="c">ʻAlī Shāfiʻī Bik, al-mufattish al-‘āmm li-mashrū‘āt rayy al-ṣaḥārá bi-wizārat al-ashghāl al-‘umūmīyah wa-‘uḍw al-Jam‘īyah al-Malakīyah lil-Dirāsāt al-Tārīkhīyah.</subfield>
  </datafield>
  <datafield tag="246" ind1="1" ind2=" ">
    <subfield code="6">880-03</subfield>
    <subfield code="i">عنوان الأطلس:</subfield>
    <subfield code="a">Aṭlas Aʻmāl al-manāfiʻ al-ʻāmmah al-kubrá fī ʻahd Muḥammad ʻAlī al-Kabīr</subfield>
  </datafield>
  <datafield tag="246" ind1="1" ind2="5">
    <subfield code="a">Grands travaux publics :</subfield>
    <subfield code="b">étudiés et exécutés sous l'époque de Mohammed Ali El-Kébir</subfield>
  </datafield>
  <datafield tag="264" ind1=" " ind2="1">
    <subfield code="6">880-04</subfield>
    <subfield code="a">Miṣr :</subfield>
    <subfield code="b">Dār al-Maʻārif,</subfield>
    <subfield code="c">1369 H. = 1950 M.</subfield>
  </datafield>
  <datafield tag="300" ind1=" " ind2=" ">
    <subfield code="6">880-05</subfield>
    <subfield code="a">132 pages, 27 unnumbered leaves of plates :</subfield>
    <subfield code="b">illustrations, maps, portraits, facsimiles, plans ;</subfield>
    <subfield code="c">35 cm +</subfield>
    <subfield code="e">Atlas (6 leaves of plates : folded color maps)</subfield>
  </datafield>
  <datafield tag="336" ind1=" " ind2=" ">
    <subfield code="a">text</subfield>
    <subfield code="b">txt</subfield>
    <subfield code="2">rdacontent</subfield>
  </datafield>
  <datafield tag="336" ind1=" " ind2=" ">
    <subfield code="a">still image</subfield>
    <subfield code="b">sti</subfield>
    <subfield code="2">rdacontent</subfield>
  </datafield>
  <datafield tag="336" ind1=" " ind2=" ">
    <subfield code="a">cartographic image</subfield>
    <subfield code="b">cri</subfield>
    <subfield code="2">rdacontent</subfield>
  </datafield>
  <datafield tag="337" ind1=" " ind2=" ">
    <subfield code="a">unmediated</subfield>
    <subfield code="b">n</subfield>
    <subfield code="2">rdamedia</subfield>
  </datafield>
  <datafield tag="338" ind1=" " ind2=" ">
    <subfield code="a">volume</subfield>
    <subfield code="b">nc</subfield>
    <subfield code="2">rdacarrier</subfield>
  </datafield>
  <datafield tag="500" ind1=" " ind2=" ">
    <subfield code="a">في رأس العنوان: الجمعية الملكية للدراسات التاريخية، الذكرى المئوية لوفاة المغفور له محمد علي الكبير.</subfield>
  </datafield>
  <datafield tag="504" ind1=" " ind2=" ">
    <subfield code="a">يتضمن مراجع ببليوغرافية (صفحات 131-132)</subfield>
  </datafield>
  <datafield tag="505" ind1="0" ind2=" ">
    <subfield code="a">Atlas des grands travaux publics : étudiés et exécutés sous l'époque de Mohammed Ali El-Kébir: Map 1: Carte hydrographique de la basse Egypte et d’une partie de l’Isthme de Suez ou sont indiques les travaux  executes ou a executer d’apres les ordres de son altesse Mehemet -Ali vice- roi d’Egypte. Avec le projet de la communication directe des deux mers au travers de l’Isthme . Par M. Linant de Bellefonds, directeur general des Ponts et Chaussees en Egypte. Gravee au depot general de la guerre de France par Schwaerzle . S.of E. 1949 (49/360) -- Map 2: Carte hydrographique de la moyenne Egypte ou sont indiques les travaux  executes ou a executer d’apres les ordres de son altesse Mehemet Ali vice. roi d’Egypte. Avec le projet de la communication directe des deux mers au travers de l’Isthme . Par M. Linant de Bellefonds, directeur general des Ponts et Chaussees en Egypte. Gravee et publiee par les soins du Depot de la guerre, etant Directeur : le colonel Blondel, 1854. Gravee au depot de la guerre par Schwaerzle et Erhard  S.of E. 1949 (49/360) -- Map 3: Carte hydrographique de la partie septentrionale de la Haute Egypte, ou sont indiques les travaux d’arrosage executes et a executer d’apres les ordres de son altesse Mehemet-Ali vice- roi d’Egypte. Par M. Linant de Bellefonds, inspecteur general des Ponts et Chaussees en Egypte. Gravee et publiee par les soins du Depot de la guerre, etant Directeur : le colonel Blondel, 1855. Gravee au depot de la guerre par Erhard. S.of E. 1949 (49/360) -- Map 4: Carte hydrographique de la partie meridionale de la Haute Egypte, ou sont indiques les travaux d’arrosage executes et a executer d’apres les decisions de son altesse Mehemet Ali vice- roi d’Egypte. Par M. Linant de Bellefonds, ancient directeur general des travaux publics. Gravee et publiee au depot de la guerre par les orders de Mr le Marechal Cte .Randon, ministre de la guerre. 1866.  Gravee au depot de la guerre par Erhard -- Map 5: Profil de l’Isthme de Suez selon la ligne des terrains les plus bas et selon la ligne de la communication a etablir directement d’une mer a l’autre -- Map 6: خريطة أقليم الفيوم: وما أشمل عليه من بلاد وترع وجسور ومساقي وأباحر وغيره ما بين قديم منها ومستجد مع أخذ موازين الجهات المرتفعة والمنخفضة  بالأقليم المذكور وقد صار استخراج ذلك بواسطة الآلات الهندسية وتنظيم رسمها بديوان المداس وذلك تطبيقا لما صدرت به الإدارة السنية ... الهمة العلية سنة 1260. مصلحة المساحة 1949 (49/360/1)</subfield>
  </datafield>
  <datafield tag="541" ind1=" " ind2=" ">
    <subfield code="c">هبه؛</subfield>
    <subfield code="a">أسد رستم</subfield>
    <subfield code="3">النسخة الثانية: MP 626.8:EGY:1950:c.2.</subfield>
  </datafield>
  <datafield tag="590" ind1=" " ind2=" ">
    <subfield code="a">Copies 2 and 3 of Jafet Archives and Special Collections are located in Map drawer: Dr. 5/4 with Maps of Egypt.</subfield>
  </datafield>
  <datafield tag="650" ind1=" " ind2="4">
    <subfield code="a">المنافع العامة</subfield>
    <subfield code="z">مصر.</subfield>
  </datafield>
  <datafield tag="650" ind1=" " ind2="4">
    <subfield code="a">الهيدرولوجيا</subfield>
    <subfield code="z">مصر</subfield>
    <subfield code="v">خرائط.</subfield>
  </datafield>
  <datafield tag="650" ind1=" " ind2="4">
    <subfield code="a">هندسة الري</subfield>
    <subfield code="z">مصر</subfield>
    <subfield code="v">خرائط.</subfield>
  </datafield>
  <datafield tag="650" ind1=" " ind2="4">
    <subfield code="a">المنافع العامة</subfield>
    <subfield code="z">مصر</subfield>
    <subfield code="v">خرائط.</subfield>
  </datafield>
  <datafield tag="650" ind1=" " ind2="0">
    <subfield code="a">Public utilities</subfield>
    <subfield code="z">Egypt.</subfield>
  </datafield>
  <datafield tag="650" ind1=" " ind2="0">
    <subfield code="a">Hydrology</subfield>
    <subfield code="z">Egypt</subfield>
    <subfield code="v">Maps.</subfield>
  </datafield>
  <datafield tag="650" ind1=" " ind2="0">
    <subfield code="a">Irrigation</subfield>
    <subfield code="z">Egypt</subfield>
    <subfield code="v">Maps.</subfield>
  </datafield>
  <datafield tag="650" ind1=" " ind2="0">
    <subfield code="a">Public works</subfield>
    <subfield code="z">Egypt</subfield>
    <subfield code="v">Maps.</subfield>
  </datafield>
  <datafield tag="651" ind1=" " ind2="4">
    <subfield code="a">مصر</subfield>
    <subfield code="x">تاريخ</subfield>
    <subfield code="y">محمد علي، 1805-1849.</subfield>
  </datafield>
  <datafield tag="651" ind1=" " ind2="0">
    <subfield code="a">Egypt</subfield>
    <subfield code="x">History</subfield>
    <subfield code="y">Mohammed Ali, 1805-1849.</subfield>
  </datafield>
  <datafield tag="852" ind1=" " ind2=" ">
    <subfield code="a">Jafet Library</subfield>
    <subfield code="e">American University of Beirut, Bliss Street , Beirut, Lebanon.</subfield>
  </datafield>
  <datafield tag="852" ind1=" " ind2=" ">
    <subfield code="a">Jafet Archives and Special Collections</subfield>
    <subfield code="e">American University of Beirut, Bliss Street , Beirut, Lebanon.</subfield>
  </datafield>
  <datafield tag="880" ind1="1" ind2=" ">
    <subfield code="6">100-01/(3/r</subfield>
    <subfield code="a">شافعي، علي،</subfield>
    <subfield code="e">مؤلف. </subfield>
    <subfield code="4">aut.</subfield>
  </datafield>
  <datafield tag="880" ind1="1" ind2="0">
    <subfield code="6">245-02/(3/r</subfield>
    <subfield code="a">أعمال المنافع العامة الكبرى في عهد محمد علي الكبير /</subfield>
    <subfield code="c">علي شافعي بك، المفتش العام لمشروعات ري الصحارى بوزارة الأشغال العمومية وعضو الجمعية الملكية للدراسات التاريخية.</subfield>
  </datafield>
  <datafield tag="880" ind1="1" ind2=" ">
    <subfield code="6">246-03/(3/r</subfield>
    <subfield code="a">Title on Atlas:</subfield>
    <subfield code="a">Aṭlas Aʻmāl al-manāfiʻ al-ʻāmmah al-kubrá fī ʻahd Muḥammad ʻAlī al-Kabīr</subfield>
  </datafield>
  <datafield tag="880" ind1=" " ind2="1">
    <subfield code="6">264-04/(3/r</subfield>
    <subfield code="a">مصر :</subfield>
    <subfield code="b">دار المعارف،</subfield>
    <subfield code="c">1369 هـ. = 1950 م.</subfield>
  </datafield>
  <datafield tag="880" ind1=" " ind2=" ">
    <subfield code="6">300-05(B</subfield>
    <subfield code="a">132 صفحة، 27 ورقة لوحات غير مرقمة :</subfield>
    <subfield code="b">مصورات، خرائط، صور شخصانية، صور طبق الأصل، مخططات هندسية ؛</subfield>
    <subfield code="c">35 cm +</subfield>
    <subfield code="e">أطلس (6 ورقات لوحات : خرائط مطوية ملونة)</subfield>
  </datafield>
  <datafield tag="907" ind1=" " ind2=" ">
    <subfield code="a">.b12757147</subfield>
    <subfield code="b">17-12-01</subfield>
    <subfield code="c">11-05-24</subfield>
  </datafield>
  <datafield tag="907" ind1=" " ind2=" ">
    <subfield code="a">.b12757147</subfield>
    <subfield code="b">15-10-15</subfield>
    <subfield code="c">11-05-24</subfield>
  </datafield>
  <datafield tag="945" ind1=" " ind2=" ">
    <subfield code="f">CA:F</subfield>
    <subfield code="a">626.8:Sh52aA:Maps:c.1</subfield>
    <subfield code="i">00292292</subfield>
    <subfield code="j">.i13330445</subfield>
    <subfield code="l">u0306</subfield>
  </datafield>
  <datafield tag="945" ind1=" " ind2=" ">
    <subfield code="f">CA:F</subfield>
    <subfield code="a">626.8:Sh52aA:c.1</subfield>
    <subfield code="i">01068854</subfield>
    <subfield code="j">.i13330470</subfield>
    <subfield code="l">u0306</subfield>
  </datafield>
  <datafield tag="945" ind1=" " ind2=" ">
    <subfield code="f">CA:F</subfield>
    <subfield code="a">626.8:Sh52aA:Maps:c.2</subfield>
    <subfield code="j">.i12120364</subfield>
    <subfield code="l">u0306</subfield>
  </datafield>
  <datafield tag="945" ind1=" " ind2=" ">
    <subfield code="f">CA:F</subfield>
    <subfield code="a">626.8:Sh52aA:Maps:c.3</subfield>
    <subfield code="j">.i19860602</subfield>
    <subfield code="l">u0306</subfield>
  </datafield>
  <datafield tag="945" ind1=" " ind2=" ">
    <subfield code="f">LF</subfield>
    <subfield code="a">626.8:Sh52aA:c.1</subfield>
    <subfield code="i">01063809</subfield>
    <subfield code="j">.i13330433</subfield>
    <subfield code="l">u0505</subfield>
  </datafield>
  <datafield tag="945" ind1=" " ind2=" ">
    <subfield code="f">LF</subfield>
    <subfield code="a">626.8:Sh52aA:Maps:c.1</subfield>
    <subfield code="i">00297449</subfield>
    <subfield code="j">.i13330469</subfield>
    <subfield code="l">u0505</subfield>
  </datafield>
  <datafield tag="998" ind1=" " ind2=" ">
    <subfield code="a">(4)u03</subfield>
    <subfield code="a">(2)u05</subfield>
    <subfield code="b">97-11-04</subfield>
    <subfield code="c">m</subfield>
    <subfield code="d">a</subfield>
    <subfield code="e">-</subfield>
    <subfield code="f">ara</subfield>
    <subfield code="g">ua </subfield>
    <subfield code="h">0</subfield>
    <subfield code="i">6</subfield>
  </datafield>
</record>
</collection>
